@article{r1,
	author = {H. Sung and J. Ferlay and R. L. Siegel and M. Laversanne and I. Soerjomataram and A. Jemal and F. Bray},
	title = {Global Cancer Statistics 2020: GLOBOCAN Estimates of Incidence and Mortality Worldwide for 36 Cancers in 185 Countries},
	journal = {CA}, 
	year = {2021},
	volume = {71},
	number = {3},
	pages = {209-249},
	doi = {10.3322/caac.21660},
}

@article{r2,
	author = {S. Warnakulasuriya},
	title = {Global epidemiology of oral and oropharyngeal cancer},
	journal = {Oral Oncol},
	year = {2009},
	volume = {45},
	number = {4-5},
	pages = {309-16},
	doi = {10.1016/j.oraloncology.2008.06.002},
}

@article{r3,
	author = {D.W. Kim and S. Lee and S. Kwon and W. Nam and I. Cha and H.J. Kim},
	title = {Deep learning-based survival prediction of oral cancer patients},
	journal = {Scientific Reports},
	year = {2019},
	volume = {9},
	number = {1},
	doi = {10.1038/s41598-019-43372-7},
}

@article{r4,
	author = {L.A. Vale-Silva and K. Rohr},
	title = {Long-term cancer survival prediction using multimodal deep learning},
	journal = {Scientific Reports},
	year = {2021},
	volume = {11},
	number = {1},
	doi = {10.1038/s41598-021-92799-4},
}

@article{r5,
	author = {Y. Han and H. Yu and S. J. Ma and M. Farrugia and A. J. Iovoli and K. E. Wooten and V. Gupta and R. P. McSpadden and M. A. Kuriakose and M. R. Markiewicz and J. M. Chan and L. H. Wesley and E. P. Mary and K.S. Anurag},
	title = {Machine Learning Incorporating Host Factors for Predicting Survival in Head and Neck Squamous Cell Carcinoma Patients},
	journal = {Scientific Reports},
	year = {2021},
	volume = {13},
	doi = {10.3390/cancers13184559},
}


@article{r6,
	author = {J. Wang and N. Chen and J. Guo and X. Xu and L. Liu and Z. Yi},
	title = {SurvNet: A Novel Deep Neural Network for Lung Cancer Survival Analysis With Missing Values},
	journal = {Front Oncol},
	year = {2021},
	volume = {10},
	doi = {10.3389/fonc.2020.588990},
}

@article{r7,
	author = {J. L. Katzman and U. Shaham and A. Cloninger and J. Bates and T. Jiang and Y. Kluger},
	title = {DeepSurv: personalized treatment recommender system using a Cox proportional hazards deep neural network},
	journal = {BMC Medical Research Methodology},
	year = {2018},
	volume = {18},
	doi = {10.1186/s12874-018-0482-1},
}

@article{r8,
	author = {H. Kvamme and B. Ornulf},
	title = {Continuous and discrete-time survival prediction with neural networks},
	year = {2019},
	doi = {10.48550/arXiv.1910.06724},
}

@article{r9,
	author = {R. Sonabend},
	title = {A Theoretical and Methodological Framework for Machine Learning in Survival Analysis},
	year = {2021},
}

@article{r10,
	author = {H. Li and P. Boimel and J. Janopaul Naylor and H. Zhong and Y. Xiao and E. Ben-Josef and Y. Fan},
	title = {Deep Convolutional Neural Networks For Imaging Data-Based Survival Analysis Of Rectal Cancer},
	journal = {Proc IEEE Int Symp Biomed Imaging},
	year = {2019},
	pages = {846-849},
	doi = {10.1109/ISBI.2019.8759301},
}

@article{r10,
	author = {G. Brostr√∂m and M. Lindkvist},
	title = {Partial Partial Likelihood},
	journal = {Communications in Statistics - Simulation and Computation},
	year = {2008},
	volume = {37},
	doi = {10.1080/03610910701884021},
}

@article{r11,
	author = {I. Bou-Hamad and D. Larocque and H. Ben-Ameur},
	title = {A review of survival trees},
	journal = {Statistical Surveys},
	year = {2011},
	volume = {5},
	pages = {44-71},
	doi = {10.1080/03610910701884021},
}

@article{r12,
	author = {A. Spooner and E. Chen},
	title = {A comparison of machine learning methods for survival analysis of high-dimensional clinical data for dementia prediction},
	journal = {Scientific Reports},
	year = {2020},
	volume = {10},
	doi = {10.1038/s41598-020-77220-w},
}

@article{r13,
	author = {E. Giunchiglia and A. Nemchenko and M. van der Schaar},
	title = {RNN-SURV: A Deep Recurrent Model for Survival Analysis},
	journal = {ICANN},
	year = {2018},
	doi = {10.1007/978-3-030-01424-7_3},
}

@article{r14,
	author = {H. Kvamme and B. Ornulf and I. Scheel},
	title = {Time-to-Event Prediction with Neural Networks and Cox Regression},
	journal = {Journal of Machine Learning Research},
	year = {2019},
	volume = {20},
	pages = {1-30},
	doi = {10.48550/arXiv.1907.00825},
}

@inproceedings{r15,
	author = {Zhong, Qixian and Mueller, Jonas W and Wang, Jane-Ling},
	booktitle = {Advances in Neural Information Processing Systems},
	editor = {M. Ranzato and A. Beygelzimer and Y. Dauphin and P.S. Liang and J. Wortman Vaughan},
	pages = {15111--15124},
	publisher = {Curran Associates, Inc.},
	title = {Deep Extended Hazard Models for Survival Analysis},
	volume = {34},
	year = {2021},
}

@article{r16,
	author = {J. Hao and S. C. Kosaraju and N. Zange Tsaku and D. H. Song and M. Kang},
	title = {PAGE-Net: Interpretable and Integrative Deep Learning for Survival Analysis Using Histopathological Images and Genomic Data},
	journal = {Biocomputing},
	year = {2020},
	pages = {355-366},
	doi = {10.1142/9789811215636_0032},
}

@article{r17,
	author = {Wang and Ping and Y. Li},
	title = {Machine Learning for Survival Analysis: A Survey},
	year = {2019},
	publisher = {Association for Computing Machinery},
	address = {New York, NY, USA},
	volume = {51},
	number = {6},
	doi = {10.1145/3214306},
	journal = {ACM Comput. Surv.},
	month = {feb},
	articleno = {110},
}
